% File: referecens.bib
% Date: 2024-03-15
% Description: Bibliographic references for ExaMA WP1 - Vegetation Project

@article{verdie15,
  author  = {{Yannick Verdie, Florent Lafarge, Pierre Alliez}},
  title   = {{LOD Generation for Urban Scenes}},
  journal = {ACM Transactions on Graphics},
  volume  = {34},
  number  = {3},
  pages   = {15},
  year    = {2015},
  doi     = {10.1145/2766946},
  note    = {hal-01113078}
}

@article{verdie14,
  author  = {{Yannick Verdie, Florent Lafarge}},
  title   = {{Detecting parametric objects in large scenes by Monte Carlo sampling}},
  journal = {International Journal of Computer Vision},
  volume  = {106},
  number  = {1},
  pages   = {57--75},
  year    = {2014},
  doi     = {10.1007/s11263-013-0641-0},
  note    = {hal-00843022, HAL Id: hal-00843022, Submitted on 10 Jul 2013}
}

@article{stava14,
  author  = {{O. Stava, S. Pirk, J. Kratt, B. Chen, R. Me\v{c}h, O. Deussen, B. Benes}},
  title   = {{Inverse Procedural Modeling of Trees}},
  journal = {Preprint},
  year    = {2014},
  note    = {Adobe Systems Inc., USA; University of Konstanz, Germany; Shenzhen Institute of Advanced Technology, China; Purdue University, USA}
}

@article{adtree,
  author  = {{Shenglan Du, Roderik Lindenbergh, Hugo Ledoux, Jantien Stoter, Liangliang Nan}},
  title   = {{AdTree: Accurate, Detailed, and Automatic Modelling of Laser-Scanned Trees}},
  journal = {{MDPI}},
  year    = {2019},
}

@misc{benes,
  author       = {Bedrich Benes},
  title        = {Computational Vegetation},
  howpublished = {\url{https://cs.purdue.edu/homes/bbenes/vegetation/}}
}

@misc{cgal,
  author       = {{CGAL Development Team}},
  title        = {{CGAL User and Reference Manual}},
  howpublished = {\url{https://doc.cgal.org/latest/Manual/index.html}}
}

@misc{feel++,
  author       = {{Feel++ Consortium}},
  title        = {{Feel++}},
  howpublished = {\url{https://docs.feelpp.org/home/index.html}}
}

@misc{curl,
  title        = {{curl}},
  howpublished = {\url{https://curl.se/}}
}

@misc{meshlab,
  author       = {{MeshLab Developers}},
  title        = {{MeshLab}},
  howpublished = {\url{https://www.meshlab.net/}}
}
@misc{overpass,
  author       = {{OpenStreetMap Contributors}},
  title        = {{Overpass API}},
  howpublished = {\url{https://wiki.openstreetmap.org/wiki/Overpass_API}}
}

@misc{openstreetmap,
  howpublished = {\url{https://www.openstreetmap.org/help}}
}

@misc{TIR4sTREEt,
  author       = {{Tania Landes}},
  title        = {{D'où vient le pouvoir rafraîchissant des arbres en ville ?}},
  howpublished = {\url{https://theconversation.com/dou-vient-le-pouvoir-rafraichissant-des-arbres-en-ville-199906}},
  year         = {2023}
}

@misc{img:TreeShade,
  author       = {{Yujin Park, Jean-Michel Guldmann, Desheng Liu}},
  title        = {{Impacts of tree and building shades on the urban heat island: Combining remote sensing, 3D digital city and spatial regression approaches}},
  howpublished = {\url{https://www.sciencedirect.com/science/article/pii/S0198971521000624}},
  year         = {2021}
}

@misc{img:NY,
  author       = {{Christophe Prud'homme}},
  title        = {{New York City mesh}},
  year         = {2023},
  url = {\url{https://github.com/orgs/feelpp/discussions/2188}}
}

@misc{img:aerialview,
  author       = {{Conseil départemental de la Somme}},
  title        = {{Aerial thermal view}},
  year         = {2023},
  url = {\url{https://www.somme.fr/services/appui-aux-collectivites/les-aides-du-departement/fonds-thermographie-aerienne/}}
}

@misc{img:street_thermography,
  author       = {{P. Verchere}},
  title        = {{Thermal image of a street in the city}},
  year         = {2023},
  url = {\url{https://theconversation.com/dou-vient-le-pouvoir-rafraichissant-des-arbres-en-ville-199906}}
}

@misc{img:mercator,
  author       = {{Bibm@th}},
  title        = {{Mercator projection}},
  year         = {2024},
  url = {\url{https://www.bibmath.net/dico/index.php?action=affiche&quoi=./m/mercator.html}}
}

@misc{youtube_video1,
  author       = {{INSA Strasbourg}},
  title        = {{Climatologie urbaine : suivi des arbres en ville à Strasbourg}},
  year         = {2023},
  howpublished = {\url{https://www.youtube.com/watch?v=IJoj7Knm-uA}}
}

@article{off_format,
  author       = {{Wikipedia}},
  title        = {{OFF (file format) - Wikipedia}},
  year         = {2024},
  howpublished = {\url{https://en.wikipedia.org/wiki/OFF_(file_format)}}
}

@misc{stl,
  author       = {{Wikipedia}},
  title        = {{STL (file format) - Wikipedia}},
  year         = {2023},
  howpublished = {\url{https://en.wikipedia.org/wiki/STL_(file_format)}}
}

@manual{cgal_alpha_wrapper,
  author       = {{Pierre Alliez, David Cohen-Steiner, Michael Hemmer, Cédric Portaneri, Mael Rouxel-Labbé}},
  title        = {{CGAL 5.6.1 - 3D Alpha Wrapping}},
  year         = {2024},
  howpublished = {\url{https://doc.cgal.org/latest/Alpha_wrap_3/index.html}}
}

@manual{cgal_affine_transformation,
  author       = {{CGAL Development Team}},
  title        = {{CGAL 5.6.1 - 2D and 3D Linear Geometry Kernel }},
  year         = {2024},
  howpublished = {\url{https://doc.cgal.org/latest/Kernel_23/classCGAL_1_1Aff__transformation__3.html}}
}

@misc{wgs84,
  author       = {{Wikipedia}},
  howpublished = {\url{https://en.wikipedia.org/wiki/World_Geodetic_System#WGS_84}},
  title        = {{World Geodetic System}},
  year         = {2024}
}

@misc{wgs84_to_cartesian,
  author       = {{Christian Berger}},
  howpublished = {\url{https://github.com/chrberger/WGS84toCartesian?tab=readme-ov-file}},
  title        = {{WGS84toCartesian}},
  year         = {2021}
}

@misc{k-nn,
  author       = {{Wikipedia}},
  howpublished = {\url{https://en.wikipedia.org/wiki/K-nearest_neighbors_algorithm}},
  title        = {{K-nearest neighbors algorithm}},
  year         = {2024}
}

@article{mercator-proj,
  author  = {{Wikipedia}},
  title   = {{Mercator projection}},
  journal = {Wikipedia},
  year    = {2024},
  howpublished = {\url{https://en.wikipedia.org/wiki/Mercator_projection}}
}

@misc{sketchup,
  author       = {{Wikipedia}},
  howpublished = {\url{https://en.wikipedia.org/wiki/SketchUp}},
  title        = {{SketchUp}},
  year         = {2024}
}

@misc{json,
  author       = {{Wikipedia}},
  howpublished = {\url{https://en.wikipedia.org/wiki/JSON}},
  title        = {{JSON}},
  year         = {2024}
}

@misc{corefine-compute,
  author       = {{CGAL Development Team}},
  howpublished = {\url{https://doc.cgal.org/latest/Polygon_mesh_processing/group__PMP__corefinement__grp.html}},
  title        = {{CGAL 5.6.1 - 3D Alpha Shapes}},
  year         = {2024}
}

@misc{hidalgo2-ubm,
  author       = {{HiDALGO2}},
  howpublished = {\url{https://www.hidalgo2.eu/urban-building-model}},
  title        = {{Carlos Hidalgo}},
  year         = {2024}
}

@misc{hidalgo2,
  author       = {{HiDALGO2}},
  howpublished = {\url{https://www.hidalgo2.eu}},
  title        = {{HiDALGO2}},
  year         = {2024}
}

@misc{green-deal,
  author       = {{European Commission}},
  howpublished = {\url{https://commission.europa.eu/strategy-and-policy/priorities-2019-2024/european-green-deal_en}},
  title        = {{European Green Deal}},
  year         = {2024}
}

@article{delaunay-wiki,
  author  = {{Wikipedia}},
  title   = {{Delaunay triangulation}},
  journal = {Wikipedia},
  year    = {2024},
  howpublished = {\url{https://en.wikipedia.org/wiki/Delaunay_triangulation}}
}

@misc{doxygen,
  author       = {{Dimitri van Heesch}},
  howpublished = {\url{https://www.doxygen.nl/index.html}},
  title        = {{Doxygen}},
  year         = {2024}
}

@misc{hidalgo2-about,
  author       = {{HiDALGO2}},
  howpublished = {\url{https://www.hidalgo2.eu/about}},
  title        = {{About HiDALGO2}},
  year         = {2024}
}

@misc{cemosis,
  author       = {{Cemosis}},
  howpublished = {\url{https://www.cemosis.fr}},
  title        = {{Cemosis}},
  year         = {2024}
}

@misc{irma,
  author       = {{IRMA}},
  howpublished = {\url{https://irma.math.unistra.fr}},
  title        = {{IRMA}},
  year         = {2024}
}

@misc{inria,
  author       = {{INRIA}},
  howpublished = {\url{https://www.inria.fr}},
  title        = {{INRIA}},
  year         = {2024}
}

@misc{alliez,
  author       = {{Pierre Alliez}},
  howpublished = {\url{https://team.inria.fr/titane/pierre-alliez}},
  title        = {{Pierre Alliez}},
  year         = {2024}
}

@misc{chabannes,
  author       = {{Vincent Chabannes}},
  howpublished = {\url{https://www.researchgate.net/profile/Vincent-Chabannes}},
  title        = {{Vincent Chabannes}},
  year         = {2024}
}

@misc{paraview,
  author       = {{Kitware}},
  howpublished = {\url{https://www.paraview.org}},
  title        = {{ParaView}},
  year         = {2024}
}

@misc{cgal-master,
  author       = {{CGAL Development Team}},
  howpublished = {\url{https://github.com/CGAL/cgal}},
  title        = {{CGAL}},
  year         = {2024}
}

@misc{overpass-ql,
  author       = {{Roland Olbricht}},
  howpublished = {\url{https://wiki.openstreetmap.org/wiki/Overpass_API/Overpass_QL}},
  title        = {{Overpass QL}},
  year         = {2024}
}

@misc{overpass-turbo,
  author       = {{Roland Olbricht, Martin Raifer}},
  howpublished = {\url{https://wiki.openstreetmap.org/wiki/Overpass_turbo}},
  title        = {{Overpass turbo}},
  year         = {2024}
}

@misc{exaMA,
  author       = {{ExaMA Consortium}},
  howpublished = {\url{https://numpex.org/exama-methods-and-algorithms-for-exascale/?privacy=updated}},
  title        = {{Exa-MA}},
  year         = {2024}
}

@misc{numpex,
  author       = {{Numpex Consortium}},
  howpublished = {\url{https://numpex.org/}},
  title        = {{Numpex}},
  year         = {2024}
}

@misc{gmsh,
  author       = {{Christophe Geuzaine, Jean-François Remacle}},
  howpublished = {\url{http://gmsh.info/}},
  title        = {{Gmsh}},
  year         = {2024}
}

@misc{img:tree-shape,
  author       = {{Noriah Othman, Mashitah Mat Isa, Noralizawati Mohamed, Ramly Hasan }},
  title        = {{Street Planting Compositions: The Public and Expert Perspectives}},
  year         = {2019},
  url          = {\url{https://www.researchgate.net/profile/Noriah-Othman/publication/276929348_Street_Planting_Compositions_The_Public_and_Expert_Perspectives/links/5630aa9708ae336c42eb52de/Street-Planting-Compositions-The-Public-and-Expert-Perspectives.pdf?origin=publication_detail&_tp=eyJjb250ZXh0Ijp7ImZpcnN0UGFnZSI6InB1YmxpY2F0aW9uRG93bmxvYWQiLCJwYWdlIjoicHVibGljYXRpb25Eb3dubG9hZCIsInByZXZpb3VzUGFnZSI6Il9kaXJlY3QifX0}}
}

@misc{prudhomme,
  author       = {{Christophe Prud'homme}},
  title        = {{Christophe Prud'homme}},
  year         = {2024},
  url          = {\url{https://www.researchgate.net/profile/Christophe-Prudhomme}}
}

@manual{auto-refine-triangle-soup,
  author       = {{CGAL Development Team}},
  title        = {{CGAL 6.0 - Polygon Mesh Processing }},
  year         = {2024},
  howpublished = {\url{https://cgal.geometryfactory.com/CGAL/doc/master/Polygon_mesh_processing/group__PMP__corefinement__grp.html#gaec85370aa0b2acc0919e5f8406cfb74c}}
}

@misc(cpr,
  author       = {{CPR Developers}},
  title        = {{C++ Requests: Curl for People}},
  year         = {2024},
  url          = {\url{https://github.com/libcpr/cpr}}
)